@misc{wu2019detectron2,
  author =       {Yuxin Wu and Alexander Kirillov and Francisco Massa and
                  Wan-Yen Lo and Ross Girshick},
  title =        {Detectron2},
  howpublished = {\url{https://github.com/facebookresearch/detectron2}},
  year =         {2019}
}
@misc{yaseen2024YOLOv8,
  author =       {Muhammad Yaseen},
  title =        {What is YOLOv8: An In-Depth Exploration of the Internal Features of the Next-Generation Object Detector},
  howpublished = {\url{https://arxiv.org/html/2408.15857v1}},
  year =         {2024}
}
@software{yolo11_ultralytics,
  author = {Glenn Jocher and Jing Qiu},
  title = {Ultralytics YOLO11},
  version = {11.0.0},
  year = {2024},
  url = {https://github.com/ultralytics/ultralytics},
  orcid = {0000-0001-5950-6979, 0000-0002-7603-6750, 0000-0003-3783-7069},
  license = {AGPL-3.0}
}

@misc{Marc2022Detectron2,
  author =       {Marc Ackermann and Deniz Ä°ren and Sebastian Wesselmecking and Deekshith Shetty},
  title =        {Automated segmentation of martensite-austenite islands in bainitic steel},
  howpublished = {\url{https://www.researchgate.net/publication/361782090_Automated_segmentation_of_martensite-austenite_islands_in_bainitic_steel}},
  year =         {2022}
}

@misc{Hussain2024YOLOv8,
  author =       {M. Hussain, A. Razzaq, and H. S. Arif et al},
  title =        {Real-Time Patient Indoor Health Monitoring and Location Tracking with Optical Camera Communications on the Internet of Medical Things},
  howpublished = {\url{https://www.researchgate.net/publication/377835363_Real-Time_Patient_Indoor_Health_Monitoring_and_Location_Tracking_with_Optical_Camera_Communications_on_the_Internet_of_Medical_Things}},
  year =         {2024}
}

@misc{Rahima2024YOLOv11,
  author =       {Rahima Khanam and Muhammad Hussain},
  title =        {YOLOv11: An Overview of the Key Architectural Enhancements},
  howpublished = {\url{https://arxiv.org/html/2410.17725v1}},
  year =         {2024}
}

@misc{Mujadded2024YOLOv11,
  author =       {Mujadded Al and Rabbani Alif},
  title =        {YOLOv11 for Vehicle Detection: Advancements, Performance, and Applications in Intelligent Transportation Systems},
  howpublished = {\url{https://arxiv.org/pdf/2410.22898}},
  year =         {2024}
}

@misc{Ranjan2024YOLOv8_11Comparison,
  author =       {Ranjan Sapkota and Manoj Karkee},
  title =        {Comparing YOLO11 and YOLOv8 for instance segmentation of occluded and non-occluded immature green fruits in complex orchard environment},
  howpublished = {\url{https://arxiv.org/abs/2410.19869}},
  year =         {2024}
}

